\begin{filecontents}{\References.bib}

@paper{EF2017,
	author	= {Ethereum Foundation},	
	title	= {Ethereum Whitepaper},
	year	= {2017},
	publisher = {GitHub},
	journal = {GitHub repository},
	howpublished = {\url{https://github.com/ethereum/wiki/wiki/White-Paper}},
	commit = {b14c975a3152e2312735fd0f93b838a16161bc25}
}

@paper{Wood2017,
	author = {Dr. Gavin Wood},
	title = {Ethereum: A Secure Decentralised Generalised Transaction Ledger },
	year = {2017},
	publisher = {GitHub},
	journal = {GitHub repository},
	howpublished = {\url{https://github.com/ethereum/yellowpaper}},
	commit = {759dccde49c3a1a457196665d1db06baba220bf0}
}

@misc{Peters2016,
	author	=  {Tim Peters},
	title	=  {The Zen of Python},	
	year	=  {2016},
	publisher = {GitHub},
	journal = {GitHub repository},
	howpublished = {\url{https://github.com/python/peps/blob/master/pep-0020.txt}},
	commit = {f9120fcca937b118cc52bdfa350fd4cd5ca39d0b}
}

@book{StarkRobert2017,
	place={New York}, 
	title={Abstract state machines: a method for high-level system design and analysis}, 
	publisher={Springer}, 
	author={Borger, E. and Stark Robert F.}, 
	year={2003}}

\end{filecontents}
